
@book{standevelopmentteam2020,
	title = {RStan: the R interface to Stan},
	author = {{Stan Development Team}, {}},
	year = {2020},
	date = {2020},
	url = {http://mc-stan.org/},
	note = {R package version 2.21.2}
}
